@InProceedings{Gupta16,
      author       = "Gupta, A. and Vedaldi, A. and Zisserman, A.",
      title        = "Synthetic Data for Text Localisation in Natural Images",
      booktitle    = "IEEE Conference on Computer Vision and Pattern Recognition",
      year         = "2016",
    }

@inproceedings{wan2013regularization,
  title={Regularization of neural networks using dropconnect},
  author={Wan, Li and Zeiler, Matthew and Zhang, Sixin and Cun, Yann L and Fergus, Rob},
  booktitle={Proceedings of the 30th International Conference on Machine Learning (ICML-13)},
  pages={1058--1066},
  year={2013}
}

@article{ioffe2015batch,
  title={Batch normalization: Accelerating deep network training by reducing internal covariate shift},
  author={Ioffe, Sergey and Szegedy, Christian},
  journal={arXiv preprint arXiv:1502.03167},
  year={2015}
}

@article{yosinski2015understanding,
  title={Understanding neural networks through deep visualization},
  author={Yosinski, Jason and Clune, Jeff and Nguyen, Anh and Fuchs, Thomas and Lipson, Hod},
  journal={arXiv preprint arXiv:1506.06579},
  year={2015}
}

@inproceedings{mahendran2015understanding,
  title={Understanding deep image representations by inverting them},
  author={Mahendran, Aravindh and Vedaldi, Andrea},
  booktitle={2015 IEEE conference on computer vision and pattern recognition (CVPR)},
  pages={5188--5196},
  year={2015},
  organization={IEEE}
}

@article{zhou2014object,
  title={Object detectors emerge in deep scene cnns},
  author={Zhou, Bolei and Khosla, Aditya and Lapedriza, Agata and Oliva, Aude and Torralba, Antonio},
  journal={arXiv preprint arXiv:1412.6856},
  year={2014}
}

@article{Jaderberg14d,
      title={Reading Text in the Wild with Convolutional Neural Networks},
      author={Jaderberg, M. and Simonyan, K. and Vedaldi, A. and Zisserman, A.},
      journal={arXiv preprint arXiv:1412.1842},
      year={2014}
    }
    
    @InProceedings{Jaderberg14c,
  author       = "Jaderberg, M. and Simonyan, K. and Vedaldi, A. and Zisserman, A.",
  title        = "Synthetic Data and Artificial Neural Networks for Natural Scene Text Recognition",
  booktitle    = "Workshop on Deep Learning, NIPS",
  year         = "2014",
}

@InProceedings{Jaderberg14,
      author       = "Jaderberg, M. and Vedaldi, A. and Zisserman, A.",
      title        = "Deep Features for Text Spotting",
      booktitle    = "European Conference on Computer Vision",
      year         = "2014",
    }